@InProceedings{C2,
  author = 	 "Jones, C.D. and Smith, A.B. and Roberts, E.F.",
  title =        "Article Title",
  booktitle =        "Proceedings Title",
  organization = "IEEE",
  year = 	 "2003",
  volume = 	 "II",
  pages = 	 "803-806"
}

@book{Goodfellow-et-al-2016,
    title="Deep Learning",
    author="Ian Goodfellow and Yoshua Bengio and Aaron Courville",
    publisher="MIT Press",
    note="\url{http://www.deeplearningbook.org}",
    year="2016"
}

@book{Nielsen-Michael,
    title="Neural Networks and Deep Learning",
    author="Michael A. Nielsen",
    publisher="Determination Press",
    note="\url{http://neuralnetworksanddeeplearning.com/index.html}",
    year="2015"
}